
@online{prop,
author = {Robert Braeunig},
ALTeditor = {editor},
title = {Rocket and Space Technology},
date = {2013},
url = {http://www.braeunig.us/space/propuls.htm},
subtitle = {Rocket Propulsion},
}


@online{orbmech,
ALTauthor = {Robert Braeunig},
title = {Rocket and Space Technology},
date = {2013},
url = {http://www.braeunig.us/space/orbmech.htm},
subtitle = {Orbital Mechanics},
}